@book{youryoukai,
  publisher={文部科学省},
  title={高等学校学習指導要領解説 数学編},
  url={http://www.mext.go.jp/component/a_menu/education/micro_detail/__icsFiles/afieldfile/2012/06/06/1282000_5.pdf},
  year={2009}
}

@book{youryou,
  publisher={文部科学省},
  title={高等学校学習指導要領},
  url={http://www.mext.go.jp/component/a_menu/education/micro_detail/__icsFiles/afieldfile/2011/03/30/1304427_002.pdf},
  year={2009}
}

@book{kyoukasyo,
  publisher={数研出版株式会社},
  title={改訂版 高等学校 数学{B}},
  year={2018},
  isbn={978-4-410-80217-1}
}

@book{chert,
  publisher={数研出版株式会社},
  title={新課程 チャート式 基礎からの数学{Ⅱ+B}},
  isbn={978-4-410-10585-2}
}
  

